<record><leader>00000cas a22000007a 4500</leader><controlfield tag="001">12732947</controlfield><controlfield tag="008">851029d18731908nyuwr ne      0    0eng d</controlfield><datafield ind1=" " ind2=" " tag="010"><subfield code="a">sn 85026908 </subfield></datafield><datafield ind1=" " ind2=" " tag="040"><subfield code="a">NPX</subfield><subfield code="b">eng</subfield><subfield code="c">NPX</subfield><subfield code="d">NYS</subfield><subfield code="d">OCLCQ</subfield><subfield code="d">KRTAS</subfield><subfield code="d">OCLCQ</subfield></datafield><datafield ind1=" " ind2=" " tag="042"><subfield code="a">msc</subfield></datafield><datafield ind1="0" ind2="0" tag="245"><subfield code="a">Newark union.</subfield></datafield><datafield ind1="1" ind2="3" tag="246"><subfield code="a">Newark N.Y. union</subfield></datafield><datafield ind1=" " ind2=" " tag="260"><subfield code="a">Newark, N.Y. :</subfield><subfield code="b">J. Jones,</subfield><subfield code="c">1873-</subfield></datafield><datafield ind1=" " ind2=" " tag="300"><subfield code="a">v.</subfield></datafield><datafield ind1=" " ind2=" " tag="310"><subfield code="a">Weekly</subfield></datafield><datafield ind1="0" ind2=" " tag="362"><subfield code="a">Vol. 1, no. 1 (Jan. 4, 1873)-</subfield></datafield><datafield ind1="1" ind2=" " tag="362"><subfield code="a">Ceased in Mar. 1908.</subfield></datafield><datafield ind1=" " ind2=" " tag="500"><subfield code="a">Democratic, 1872-&lt;1883&gt;; Republican, 1884-&lt;1895&gt;. Cf. Landmarks of Wayne Co., N.Y., 1895.</subfield></datafield><datafield ind1=" " ind2="4" tag="651"><subfield code="a">Newark (N.Y.)</subfield><subfield code="v">Newspapers.</subfield></datafield><datafield ind1=" " ind2="4" tag="651"><subfield code="a">Wayne County (N.Y.)</subfield><subfield code="v">Newspapers.</subfield></datafield><datafield ind1=" " ind2=" " tag="752"><subfield code="a">United States</subfield><subfield code="b">New York</subfield><subfield code="c">Wayne</subfield><subfield code="d">Newark.</subfield></datafield><datafield ind1="0" ind2="0" tag="780"><subfield code="t">Newark Liberal campaign union</subfield><subfield code="w">(DLC)sn 88074362</subfield><subfield code="w">(OCoLC)17936125</subfield></datafield><datafield ind1="0" ind2="7" tag="785"><subfield code="t">Newark gazette (Newark, N.Y.)</subfield><subfield code="w">(DLC)sn 88074364</subfield><subfield code="w">(OCoLC)17939239</subfield></datafield><datafield ind1="0" ind2="7" tag="785"><subfield code="t">Union-gazette (Newark, N.Y.)</subfield><subfield code="w">(DLC)sn 88074365</subfield><subfield code="w">(OCoLC)17939436</subfield></datafield><datafield ind1=" " ind2=" " tag="938"><subfield code="a">Kirtas Technologies, Inc.</subfield><subfield code="b">KRTS</subfield><subfield code="n">739432</subfield></datafield><datafield ind1="1" ind2=" " tag="029"><subfield code="a">AU@</subfield><subfield code="b">000024692308</subfield></datafield></record>